@inproceedings{Friedman1985ConstrainingControl,
  author    = {Daniel P. Friedman and Christopher T. Haynes},
  title     = {Constraining Control},
  booktitle = {POPL},
  year      = {1985},
  pages     = {245-254},
  ee        = {http://doi.acm.org/10.1145/318593.318654},
  bibsource = {DBLP, http://dblp.uni-trier.de}
}

@inproceedings{Felleisen1998Prompts,
  author    = {Matthias Felleisen},
  title     = {The Theory and Practice of First-Class Prompts},
  booktitle = {POPL},
  year      = {1988},
  pages     = {180-190},
  ee        = {http://doi.acm.org/10.1145/73560.73576},
  bibsource = {DBLP, http://dblp.uni-trier.de}
}

@article{Sitaram1990Hierarchies,
  author    = {Dorai Sitaram and
               Matthias Felleisen},
  title     = {Control Delimiters and Their Hierarchies},
  journal   = {Lisp and Symbolic Computation},
  volume    = {3},
  number    = {1},
  year      = {1990},
  pages     = {67-99},
  bibsource = {DBLP, http://dblp.uni-trier.de}
}

@inproceedings{Danvy1990AbstractingControl,
  author    = {Olivier Danvy and
               Andrzej Filinski},
  title     = {Abstracting Control},
  booktitle = {LISP and Functional Programming},
  year      = {1990},
  pages     = {151-160},
  ee        = {http://doi.acm.org/10.1145/91556.91622},
  bibsource = {DBLP, http://dblp.uni-trier.de}
}

@article{Felleisen1987SyntacticTheory,
  author    = {Matthias Felleisen and
               Daniel P. Friedman and
               Eugene E. Kohlbecker and
               Bruce F. Duba},
  title     = {A Syntactic Theory of Sequential Control},
  journal   = {Theor. Comput. Sci.},
  volume    = {52},
  year      = {1987},
  pages     = {205-237},
  bibsource = {DBLP, http://dblp.uni-trier.de}
}
